{"gold_per_floor":[112,125,125,125,125,159,172,172,172,172,191,234,247,268,268,396,396,396,396,396,396,170,170,170,170,170,170,170,170,70,70,70,70,70,70,70,70,70,70,70,70,70,70,70,43,43,43,43],"floor_reached":48,"playtime":3342,"items_purged":["Strike_G","Strike_G"],"score":638,"play_id":"1975f7bc-f7f9-4ea4-ac5d-7005262851a7","local_time":"20250104142921","is_ascension_mode":true,"campfire_choices":[{"data":"Leg Sweep","floor":8,"key":"SMITH"},{"floor":15,"key":"REST"},{"floor":28,"key":"REST"},{"floor":32,"key":"REST"},{"floor":40,"key":"REST"},{"data":"Noxious Fumes","floor":42,"key":"SMITH"},{"data":"Envenom","floor":44,"key":"SMITH"}],"neow_cost":"NONE","seed_source_timestamp":532204878447042,"circlet_count":0,"master_deck":["Strike_G","Strike_G","Defend_G","Defend_G","Defend_G","Defend_G","Defend_G","Survivor","Neutralize","Endless Agony","Endless Agony","Envenom+1","Leg Sweep+1","Terror","Dagger Throw","Bouncing Flask","Noxious Fumes+1","Acrobatics","Adrenaline","Crippling Poison+1","PiercingWail","Noxious Fumes+1","Well Laid Plans+1","Acrobatics","Dodge and Roll","Prepared+1","Backflip","Adrenaline","Caltrops+1","PiercingWail+1","Bullet Time","Dodge and Roll","Dodge and Roll"],"relics":["Ring of the Snake","NeowsBlessing","Golden Idol","Orichalcum","Sundial","Ornamental Fan","Matryoshka","Ectoplasm","Orrery","Juzu Bracelet","Tiny Chest","Darkstone Periapt","Bag of Marbles","Question Card","Runic Pyramid","Bronze Scales","Blood Vial","Frozen Egg 2"],"potions_floor_usage":[27,48,48],"damage_taken":[{"damage":0,"enemies":"2 Louse","floor":1,"turns":1},{"damage":0,"enemies":"Small Slimes","floor":2,"turns":1},{"damage":0,"enemies":"Gremlin Nob","floor":6,"turns":1},{"damage":1,"enemies":"Jaw Worm","floor":7,"turns":2},{"damage":1,"enemies":"Gremlin Gang","floor":11,"turns":9},{"damage":32,"enemies":"3 Sentries","floor":12,"turns":17},{"damage":0,"enemies":"Exordium Wildlife","floor":13,"turns":3},{"damage":0,"enemies":"Looter","floor":14,"turns":2},{"damage":17,"enemies":"Hexaghost","floor":16,"turns":9},{"damage":3,"enemies":"3 Byrds","floor":18,"turns":5},{"damage":5,"enemies":"Shell Parasite","floor":20,"turns":5},{"damage":16,"enemies":"Book of Stabbing","floor":23,"turns":7},{"damage":7,"enemies":"Centurion and Healer","floor":24,"turns":8},{"damage":8,"enemies":"Snake Plant","floor":27,"turns":4},{"damage":1,"enemies":"Gremlin Leader","floor":29,"turns":6},{"damage":19,"enemies":"Slavers","floor":31,"turns":5},{"damage":11,"enemies":"Champ","floor":33,"turns":13},{"damage":5,"enemies":"3 Darklings","floor":35,"turns":5},{"damage":0,"enemies":"3 Shapes","floor":37,"turns":5},{"damage":15,"enemies":"Jaw Worm Horde","floor":38,"turns":4},{"damage":27,"enemies":"Spire Growth","floor":39,"turns":7},{"damage":9,"enemies":"Nemesis","floor":41,"turns":7},{"damage":3,"enemies":"Sphere and 2 Shapes","floor":46,"turns":5},{"damage":37,"enemies":"Awakened One","floor":48,"turns":13}],"seed_played":"6954008131029704066","potions_obtained":[{"floor":2,"key":"Block Potion"},{"floor":6,"key":"Poison Potion"},{"floor":7,"key":"Swift Potion"},{"floor":13,"key":"Weak Potion"},{"floor":16,"key":"Poison Potion"},{"floor":31,"key":"Poison Potion"},{"floor":41,"key":"SmokeBomb"}],"is_trial":false,"path_per_floor":["M","M","?","?","T","E","M","R","T","?","M","E","M","M","R","B",null,"M","?","M","?","$","E","M","?","T","M","R","E","$","E","R","B",null,"M","?","M","M","M","R","E","R","T","R","$","M","?","B"],"character_chosen":"THE_SILENT","items_purchased":["Orrery","Dodge and Roll"],"campfire_rested":4,"item_purchase_floors":[22,45],"current_hp_per_floor":[70,70,75,57,57,57,56,56,56,56,55,23,23,23,45,28,75,72,65,60,60,60,44,37,30,30,22,44,43,43,24,46,35,75,70,63,63,48,21,43,34,34,34,34,34,33,33,0],"gold":43,"neow_bonus":"THREE_ENEMY_KILL","is_prod":false,"is_daily":false,"chose_seed":false,"campfire_upgraded":3,"win_rate":0,"timestamp":1736029761,"path_taken":["M","M","?","?","?","E","?","R","T","?","M","E","?","M","R","BOSS","M","?","?","?","$","E","M","?","T","M","R","E","$","E","R","BOSS","M","?","M","M","M","R","E","R","T","R","?","M","?","BOSS"],"build_version":"2022-12-18","purchased_purges":2,"victory":false,"max_hp_per_floor":[70,70,75,75,75,75,75,75,75,75,75,75,75,75,75,75,75,75,75,75,75,75,75,75,75,75,75,75,75,75,75,75,75,75,75,75,75,75,75,75,75,75,75,75,75,75,75,75],"card_choices":[{"not_picked":["Prepared","Reflex"],"picked":"Endless Agony","floor":1},{"not_picked":["Noxious Fumes","PiercingWail"],"picked":"Endless Agony","floor":2},{"not_picked":["Prepared","Reflex"],"picked":"Envenom","floor":6},{"not_picked":["Dagger Spray","Finisher"],"picked":"Leg Sweep","floor":7},{"not_picked":["Masterful Stab","Caltrops"],"picked":"Dagger Throw","floor":11},{"not_picked":["Sucker Punch","Dagger Spray"],"picked":"Bouncing Flask","floor":12},{"not_picked":["Poisoned Stab","Finisher"],"picked":"Noxious Fumes","floor":13},{"not_picked":["Well Laid Plans","Cloak And Dagger"],"picked":"Acrobatics","floor":14},{"not_picked":["Burst","Phantasmal Killer"],"picked":"Adrenaline","floor":16},{"not_picked":["Calculated Gamble","Dagger Spray"],"picked":"Crippling Poison+1","floor":18},{"not_picked":["Underhanded Strike","Bane","Eviscerate"],"picked":"SKIP","floor":20},{"not_picked":["Bouncing Flask","Sucker Punch"],"picked":"Noxious Fumes+1","floor":22},{"not_picked":["Blade Dance","Sucker Punch"],"picked":"Well Laid Plans+1","floor":22},{"not_picked":["Deflect","Storm of Steel"],"picked":"Acrobatics","floor":22},{"not_picked":["Distraction","Cloak And Dagger","Quick Slash+1"],"picked":"SKIP","floor":23},{"not_picked":["Sucker Punch","Caltrops","Flechettes"],"picked":"SKIP","floor":24},{"not_picked":["Underhanded Strike+1","Sucker Punch"],"picked":"Dodge and Roll","floor":27},{"not_picked":["Outmaneuver","Choke+1"],"picked":"Prepared+1","floor":29},{"not_picked":["Outmaneuver+1","Skewer+1"],"picked":"Backflip","floor":31},{"not_picked":["Envenom","Unload","Venomology"],"picked":"Adrenaline","floor":33},{"not_picked":["Sucker Punch","Calculated Gamble","Tactician"],"picked":"Caltrops+1","floor":35},{"not_picked":["Distraction","Accuracy+1","Slice+1","Acrobatics"],"picked":"SKIP","floor":37},{"not_picked":["Sucker Punch+1","Expertise","Slice","Well Laid Plans"],"picked":"SKIP","floor":38},{"not_picked":["Poisoned Stab+1","Deadly Poison","Backstab"],"picked":"PiercingWail+1","floor":39},{"not_picked":["Sucker Punch+1","Tactician","Cloak And Dagger+1"],"picked":"Bullet Time","floor":41},{"not_picked":["Sucker Punch+1","Acrobatics+1","Backflip"],"picked":"Dodge and Roll","floor":46}],"player_experience":84590,"relics_obtained":[{"floor":5,"key":"Orichalcum"},{"floor":6,"key":"Sundial"},{"floor":9,"key":"Ornamental Fan"},{"floor":12,"key":"Matryoshka"},{"floor":23,"key":"Juzu Bracelet"},{"floor":26,"key":"Tiny Chest"},{"floor":26,"key":"Darkstone Periapt"},{"floor":29,"key":"Bag of Marbles"},{"floor":31,"key":"Question Card"},{"floor":41,"key":"Bronze Scales"},{"floor":43,"key":"Blood Vial"},{"floor":43,"key":"Frozen Egg 2"}],"event_choices":[{"damage_healed":0,"gold_gain":0,"player_choice":"Donut","damage_taken":0,"max_hp_gain":5,"max_hp_loss":0,"event_name":"Big Fish","floor":3,"gold_loss":0},{"damage_healed":0,"gold_gain":0,"player_choice":"Take Damage","damage_taken":18,"relics_obtained":["Golden Idol"],"max_hp_gain":0,"max_hp_loss":0,"event_name":"Golden Idol","floor":4,"gold_loss":0},{"damage_healed":0,"gold_gain":0,"cards_transformed":["Strike_G"],"player_choice":"Transformed","damage_taken":0,"max_hp_gain":0,"max_hp_loss":0,"event_name":"Transmorgrifier","floor":10,"gold_loss":0,"cards_obtained":["Terror"]},{"damage_healed":0,"gold_gain":75,"player_choice":"Touch","damage_taken":7,"max_hp_gain":0,"max_hp_loss":0,"event_name":"FaceTrader","floor":19,"gold_loss":0},{"damage_healed":0,"gold_gain":0,"player_choice":"Read","damage_taken":0,"max_hp_gain":0,"max_hp_loss":0,"event_name":"The Library","floor":21,"gold_loss":0,"cards_obtained":["PiercingWail"]},{"damage_healed":0,"gold_gain":0,"player_choice":"Damaged","damage_taken":7,"max_hp_gain":0,"max_hp_loss":0,"event_name":"Wheel of Change","floor":25,"gold_loss":0},{"damage_healed":0,"gold_gain":0,"player_choice":"Damaged","damage_taken":7,"max_hp_gain":0,"max_hp_loss":0,"event_name":"Wheel of Change","floor":36,"gold_loss":0},{"damage_healed":0,"gold_gain":0,"player_choice":"Took Portal","damage_taken":0,"max_hp_gain":0,"max_hp_loss":0,"event_name":"SecretPortal","floor":47,"gold_loss":0}],"is_beta":false,"boss_relics":[{"not_picked":["Busted Crown","Calling Bell"],"picked":"Ectoplasm"},{"not_picked":["SlaversCollar","WristBlade"],"picked":"Runic Pyramid"}],"items_purged_floors":[22,30],"is_endless":false,"potions_floor_spawned":[2,6,7,13,16,18,24,31,41,46],"killed_by":"Awakened One","ascension_level":3}