{"gold_per_floor":[11,21,38,113,138,138,172,172,197,197,214,214,247,266,266,362,362,380,479,54,68,68,68,101,101,101,128,144,170,187,213,213,317,317,336,336,354,407,420,420,449,469,469,519,537,537,572,151,151,151],"floor_reached":51,"playtime":4961,"items_purged":["Strike_G","Storm of Steel+1"],"score":1117,"play_id":"02d0b7d5-5963-48bb-a129-6ec6e866bdbf","local_time":"20250108111418","is_ascension_mode":true,"campfire_choices":[{"data":"Bane","floor":6,"key":"SMITH"},{"data":"Survivor","floor":10,"key":"SMITH"},{"floor":15,"key":"REST"},{"floor":23,"key":"RECALL"},{"floor":25,"key":"REST"},{"floor":32,"key":"REST"},{"floor":40,"key":"REST"},{"floor":49,"key":"REST"}],"neow_cost":"NO_GOLD","seed_source_timestamp":642233321732875,"circlet_count":0,"master_deck":["Survivor+1","Neutralize","Noxious Fumes+1","Dagger Spray","Bane+1","Blade Dance+1","Blade Dance+1","Eviscerate","Prepared+1","Backflip+1","Doppelganger+1","Cloak And Dagger+1","Adrenaline+1","PiercingWail+1","Cloak And Dagger+1","Finisher+1","Dodge and Roll+1","Expertise+1","Malaise+1","Choke","Quick Slash","Dagger Throw","Unload","Unload","Deflect+1","Adrenaline+1","Blur+1","Terror+1","Backflip+1","Prepared+1","PiercingWail+1","Acrobatics+1","Cloak And Dagger+1","Choke+1","Dark Shackles+1","Blur+1","Cloak And Dagger+1"],"relics":["Ring of the Snake","CaptainsWheel","Vajra","Toxic Egg 2","Boot","Paper Crane","Fusion Hammer","TwistedFunnel","Bag of Preparation","Letter Opener","Strawberry","Du-Vu Doll","Sundial","Pandora\u0027s Box","Bird Faced Urn","Bronze Scales","Bottled Lightning","Calipers","War Paint","Membership Card","Pantograph"],"potions_floor_usage":[21,33,33,38,50],"damage_taken":[{"damage":0,"enemies":"Small Slimes","floor":1,"turns":5},{"damage":4,"enemies":"Jaw Worm","floor":2,"turns":5},{"damage":1,"enemies":"2 Louse","floor":3,"turns":2},{"damage":12,"enemies":"3 Sentries","floor":7,"turns":6},{"damage":0,"enemies":"Exordium Thugs","floor":11,"turns":4},{"damage":16,"enemies":"Gremlin Nob","floor":13,"turns":4},{"damage":0,"enemies":"2 Fungi Beasts","floor":14,"turns":3},{"damage":8,"enemies":"The Guardian","floor":16,"turns":10},{"damage":0,"enemies":"3 Byrds","floor":18,"turns":2},{"damage":4,"enemies":"2 Thieves","floor":21,"turns":3},{"damage":9,"enemies":"Slavers","floor":24,"turns":3},{"damage":0,"enemies":"Gremlin Leader","floor":27,"turns":3},{"damage":0,"enemies":"Shelled Parasite and Fungi","floor":28,"turns":4},{"damage":5,"enemies":"Slavers","floor":29,"turns":3},{"damage":0,"enemies":"Snecko","floor":30,"turns":3},{"damage":0,"enemies":"Gremlin Leader","floor":31,"turns":3},{"damage":37,"enemies":"Champ","floor":33,"turns":8},{"damage":0,"enemies":"3 Shapes","floor":35,"turns":1},{"damage":0,"enemies":"Orb Walker","floor":37,"turns":1},{"damage":3,"enemies":"2 Orb Walkers","floor":38,"turns":2},{"damage":0,"enemies":"Spire Growth","floor":39,"turns":2},{"damage":0,"enemies":"Reptomancer","floor":41,"turns":3},{"damage":0,"enemies":"Transient","floor":42,"turns":5},{"damage":0,"enemies":"Mind Bloom Boss Battle","floor":44,"turns":2},{"damage":3,"enemies":"4 Shapes","floor":45,"turns":3},{"damage":0,"enemies":"Giant Head","floor":47,"turns":1},{"damage":71,"enemies":"Awakened One","floor":50,"turns":12}],"seed_played":"1842396590348435782","potions_obtained":[{"floor":2,"key":"Energy Potion"},{"floor":13,"key":"Dexterity Potion"},{"floor":18,"key":"Explosive Potion"},{"floor":21,"key":"Fruit Juice"},{"floor":31,"key":"DistilledChaos"},{"floor":33,"key":"SteroidPotion"},{"floor":37,"key":"Fire Potion"},{"floor":39,"key":"Block Potion"},{"floor":44,"key":"Regen Potion"}],"is_trial":false,"path_per_floor":["M","M","M","?","T","R","E","?","T","R","M","?","E","M","R","B",null,"M","?","$","M","?","R","E","R","T","E","M","E","M","E","R","B",null,"M","?","M","?","M","R","E","M","T","?","M","?","E","$","R","B",null],"character_chosen":"THE_SILENT","items_purchased":["Adrenaline+1","PiercingWail+1","TwistedFunnel","Membership Card","Dark Shackles+1","Pantograph","Blur+1","Cloak And Dagger+1"],"campfire_rested":5,"item_purchase_floors":[20,20,20,48,48,48,48,48],"current_hp_per_floor":[70,66,65,54,54,54,42,42,42,42,42,42,26,26,47,39,70,70,70,70,71,71,71,62,75,75,82,82,77,77,77,82,45,82,82,82,82,79,79,82,82,82,82,82,79,79,79,79,82,23],"gold":151,"neow_bonus":"ONE_RARE_RELIC","is_prod":false,"is_daily":false,"chose_seed":false,"campfire_upgraded":2,"win_rate":0,"timestamp":1736363658,"path_taken":["M","M","M","?","?","R","E","?","T","R","?","?","E","M","R","BOSS","M","?","$","M","?","R","E","R","T","E","M","E","?","E","R","BOSS","M","?","M","?","M","R","E","M","T","?","M","?","E","$","R","BOSS"],"build_version":"2022-12-18","purchased_purges":2,"victory":true,"max_hp_per_floor":[70,70,70,70,70,70,70,70,70,70,70,70,70,70,70,70,70,70,70,70,75,75,75,75,75,75,82,82,82,82,82,82,82,82,82,82,82,82,82,82,82,82,82,82,82,82,82,82,82,82],"card_choices":[{"not_picked":["Prepared","Endless Agony"],"picked":"Noxious Fumes","floor":1},{"not_picked":["Outmaneuver","Accuracy"],"picked":"Dagger Spray","floor":2},{"not_picked":["Tactician","Flechettes"],"picked":"Bane","floor":3},{"not_picked":["Distraction+1","Dodge and Roll+1"],"picked":"Blade Dance+1","floor":7},{"not_picked":["Bouncing Flask+1","Choke"],"picked":"Blade Dance+1","floor":11},{"not_picked":["Flying Knee","Dagger Spray"],"picked":"Prepared+1","floor":13},{"not_picked":["After Image","Acrobatics+1"],"picked":"Backflip+1","floor":14},{"not_picked":["Unload","Night Terror+1"],"picked":"Doppelganger+1","floor":16},{"not_picked":["Slice+1","Sucker Punch"],"picked":"Cloak And Dagger+1","floor":18},{"not_picked":["Catalyst+1","Bouncing Flask+1"],"picked":"Storm of Steel+1","floor":21},{"not_picked":["Calculated Gamble+1","Escape Plan+1"],"picked":"Cloak And Dagger+1","floor":24},{"not_picked":["Poisoned Stab","Deflect+1"],"picked":"Finisher+1","floor":27},{"not_picked":["Deadly Poison+1","Outmaneuver+1"],"picked":"Dodge and Roll+1","floor":28},{"not_picked":["Dagger Spray","Escape Plan+1"],"picked":"Expertise+1","floor":29},{"not_picked":["Heel Hook","Dagger Throw","Quick Slash"],"picked":"SKIP","floor":30},{"not_picked":["Noxious Fumes","Bane","Well Laid Plans"],"picked":"SKIP","floor":31},{"not_picked":["Doppelganger+1","Wraith Form v2"],"picked":"Malaise+1","floor":33},{"not_picked":["Slice","Prepared+1"],"picked":"Blur+1","floor":35},{"not_picked":["Predator","Outmaneuver+1","Dagger Spray+1"],"picked":"SKIP","floor":37},{"not_picked":["Masterful Stab+1","Sucker Punch"],"picked":"Terror+1","floor":38},{"not_picked":["Deadly Poison+1","Die Die Die"],"picked":"Backflip+1","floor":39},{"not_picked":["Sucker Punch","Dagger Throw"],"picked":"Prepared+1","floor":41},{"not_picked":["Sucker Punch+1","Dagger Spray"],"picked":"PiercingWail+1","floor":42},{"not_picked":["Poisoned Stab+1","Dagger Throw+1"],"picked":"Acrobatics+1","floor":44},{"not_picked":["Underhanded Strike+1","Poisoned Stab"],"picked":"Cloak And Dagger+1","floor":45},{"not_picked":["Quick Slash+1","Venomology+1"],"picked":"Choke+1","floor":47}],"player_experience":101597,"relics_obtained":[{"floor":5,"key":"Vajra"},{"floor":7,"key":"Toxic Egg 2"},{"floor":9,"key":"Boot"},{"floor":13,"key":"Paper Crane"},{"floor":24,"key":"Bag of Preparation"},{"floor":26,"key":"Letter Opener"},{"floor":27,"key":"Strawberry"},{"floor":29,"key":"Du-Vu Doll"},{"floor":31,"key":"Sundial"},{"floor":38,"key":"Bird Faced Urn"},{"floor":41,"key":"Bronze Scales"},{"floor":43,"key":"Bottled Lightning"},{"floor":44,"key":"Calipers"},{"floor":47,"key":"War Paint"}],"event_choices":[{"damage_healed":0,"gold_gain":75,"player_choice":"Gather Gold","damage_taken":11,"max_hp_gain":0,"max_hp_loss":0,"event_name":"World of Goop","floor":4,"gold_loss":0},{"damage_healed":0,"gold_gain":0,"player_choice":"Upgraded","damage_taken":0,"max_hp_gain":0,"max_hp_loss":0,"event_name":"Upgrade Shrine","floor":8,"gold_loss":0,"cards_upgraded":["Noxious Fumes"]},{"damage_healed":0,"gold_gain":0,"cards_transformed":["Strike_G"],"player_choice":"Change","damage_taken":0,"max_hp_gain":0,"max_hp_loss":0,"event_name":"Living Wall","floor":12,"gold_loss":0,"cards_obtained":["Eviscerate"]},{"damage_healed":0,"gold_gain":99,"player_choice":"Stole From Cult","damage_taken":0,"max_hp_gain":0,"max_hp_loss":0,"event_name":"Nest","floor":19,"gold_loss":0},{"damage_healed":0,"gold_gain":0,"player_choice":"Ignored","damage_taken":0,"max_hp_gain":0,"max_hp_loss":0,"event_name":"The Mausoleum","floor":22,"gold_loss":0},{"cards_removed":["Infinite Blades"],"damage_healed":0,"gold_gain":0,"player_choice":"Removed Power","damage_taken":0,"max_hp_gain":0,"max_hp_loss":0,"event_name":"Falling","floor":36,"gold_loss":0},{"damage_healed":0,"gold_gain":0,"player_choice":"Fight","damage_taken":0,"max_hp_gain":0,"max_hp_loss":0,"event_name":"Mysterious Sphere","floor":38,"gold_loss":0},{"damage_healed":0,"gold_gain":0,"player_choice":"Fight","damage_taken":0,"max_hp_gain":0,"max_hp_loss":0,"event_name":"MindBloom","floor":44,"gold_loss":0},{"damage_healed":0,"gold_gain":0,"player_choice":"Ignored","damage_taken":0,"max_hp_gain":0,"max_hp_loss":0,"event_name":"Tomb of Lord Red Mask","floor":46,"gold_loss":0}],"is_beta":false,"boss_relics":[{"not_picked":["Astrolabe","Calling Bell"],"picked":"Fusion Hammer"},{"not_picked":["Velvet Choker","Runic Pyramid"],"picked":"Pandora\u0027s Box"}],"items_purged_floors":[20,48],"is_endless":false,"potions_floor_spawned":[2,13,18,21,31,33,37,39,44,47],"ascension_level":4}