{"gold_per_floor":[116,66,77,95,20,20,45,45,72,99,114,46,73,73,73,194,194,215,140,140,40,40,79,79,114,114,128,148,179,199,45,45,171,171,185,248,581,273,326,357,369,395,395,413,445,463,480,4,4,4],"floor_reached":51,"playtime":3153,"items_purged":["Strike_G","Strike_G","Strike_G+1","Strike_G+1"],"score":1170,"play_id":"2ac5c692-3fcf-4d59-9fcd-c7d7ab140452","local_time":"20250115222449","is_ascension_mode":true,"campfire_choices":[{"data":"Backstab","floor":6,"key":"SMITH"},{"data":"Bouncing Flask","floor":8,"key":"SMITH"},{"data":"Malaise","floor":15,"key":"SMITH"},{"data":"Die Die Die","floor":24,"key":"SMITH"},{"data":"A Thousand Cuts","floor":32,"key":"SMITH"},{"data":"Noxious Fumes","floor":49,"key":"SMITH"}],"neow_cost":"NONE","seed_source_timestamp":99080496401917,"circlet_count":0,"master_deck":["Defend_G+1","Defend_G+1","Defend_G+1","Defend_G+1","Defend_G+1","Survivor","Neutralize+1","Backstab+1","Blade Dance","Blade Dance","Bouncing Flask+1","Malaise+1","Blade Dance+1","Footwork","Die Die Die+1","Well Laid Plans+1","Die Die Die+1","Noxious Fumes+1","Expertise+1","Underhanded Strike+1","A Thousand Cuts+1","Burst+1","Acrobatics+1","Cloak And Dagger+1","Footwork","Accuracy+1","PiercingWail","Footwork","Blade Dance"],"relics":["Ring of the Snake","Toy Ornithopter","Bag of Preparation","Bronze Scales","Omamori","HornCleat","Coffee Dripper","CaptainsWheel","Art of War","Whetstone","Dream Catcher","Strawberry","WristBlade","FossilizedHelix","Snake Skull","Happy Flower","Paper Crane","War Paint","Ninja Scroll","Mercury Hourglass","TwistedFunnel"],"potions_floor_usage":[7,16,23,25,29,35,40,50,50,50],"damage_taken":[{"damage":2,"enemies":"Cultist","floor":1,"turns":4},{"damage":0,"enemies":"2 Louse","floor":3,"turns":2},{"damage":0,"enemies":"Small Slimes","floor":4,"turns":3},{"damage":22,"enemies":"Lagavulin","floor":7,"turns":5},{"damage":14,"enemies":"Gremlin Nob","floor":10,"turns":3},{"damage":0,"enemies":"2 Fungi Beasts","floor":11,"turns":2},{"damage":11,"enemies":"Lagavulin","floor":13,"turns":4},{"damage":7,"enemies":"The Guardian","floor":16,"turns":9},{"damage":0,"enemies":"Chosen","floor":18,"turns":4},{"damage":0,"enemies":"Gremlin Leader","floor":23,"turns":4},{"damage":2,"enemies":"Slavers","floor":25,"turns":4},{"damage":0,"enemies":"Spheric Guardian","floor":27,"turns":1},{"damage":0,"enemies":"3 Cultists","floor":28,"turns":3},{"damage":11,"enemies":"Gremlin Leader","floor":29,"turns":5},{"damage":0,"enemies":"Centurion and Healer","floor":30,"turns":5},{"damage":19,"enemies":"Champ","floor":33,"turns":11},{"damage":9,"enemies":"3 Darklings","floor":35,"turns":5},{"damage":0,"enemies":"Mind Bloom Boss Battle","floor":36,"turns":5},{"damage":8,"enemies":"Nemesis","floor":40,"turns":5},{"damage":0,"enemies":"3 Shapes","floor":41,"turns":3},{"damage":4,"enemies":"Reptomancer","floor":42,"turns":5},{"damage":0,"enemies":"Spire Growth","floor":44,"turns":4},{"damage":0,"enemies":"Giant Head","floor":45,"turns":6},{"damage":0,"enemies":"3 Darklings","floor":46,"turns":2},{"damage":0,"enemies":"4 Shapes","floor":47,"turns":1},{"damage":29,"enemies":"Donu and Deca","floor":50,"turns":7}],"seed_played":"8666384337585109448","potions_obtained":[{"floor":1,"key":"Poison Potion"},{"floor":7,"key":"LiquidBronze"},{"floor":16,"key":"Strength Potion"},{"floor":23,"key":"Block Potion"},{"floor":28,"key":"DistilledChaos"},{"floor":29,"key":"Explosive Potion"},{"floor":33,"key":"Dexterity Potion"},{"floor":35,"key":"GamblersBrew"},{"floor":36,"key":"SteroidPotion"},{"floor":40,"key":"LiquidMemories"},{"floor":41,"key":"Dexterity Potion"}],"is_trial":false,"path_per_floor":["M","$","M","M","$","R","E","R","T","E","M","$","E","?","R","B",null,"M","?","?","$","?","E","R","E","T","M","M","E","M","$","R","B",null,"M","?","?","$","T","E","M","E","T","M","E","M","M","$","R","B",null],"character_chosen":"THE_SILENT","items_purchased":["Blade Dance","Footwork","A Thousand Cuts","Footwork","Snake Skull","TwistedFunnel","PiercingWail","Footwork","Blade Dance"],"campfire_rested":0,"item_purchase_floors":[2,12,31,38,38,48,48,48,48],"current_hp_per_floor":[61,61,61,61,61,61,44,44,44,30,30,30,19,19,19,17,53,53,53,53,53,53,58,58,61,61,61,61,61,61,61,61,42,65,61,61,61,61,61,58,58,54,54,54,54,54,54,54,54,40],"gold":4,"neow_bonus":"RANDOM_COMMON_RELIC","is_prod":false,"is_daily":false,"chose_seed":false,"campfire_upgraded":6,"win_rate":0,"timestamp":1737008689,"path_taken":["M","?","M","M","$","R","E","R","T","E","?","$","E","?","R","BOSS","M","?","?","$","?","E","R","E","T","M","M","E","M","$","R","BOSS","M","?","?","?","?","E","M","E","T","M","E","M","?","$","R","BOSS"],"build_version":"2022-12-18","purchased_purges":4,"victory":true,"max_hp_per_floor":[70,70,70,70,70,70,70,70,70,70,70,70,70,65,65,65,65,65,65,65,65,65,65,65,65,65,65,65,72,72,72,72,72,72,72,72,72,72,72,72,72,72,72,72,72,72,72,72,72,72],"card_choices":[{"not_picked":["Quick Slash","Reflex"],"picked":"Backstab","floor":1},{"not_picked":["PiercingWail","Poisoned Stab"],"picked":"Blade Dance","floor":3},{"not_picked":["Backflip","Flying Knee"],"picked":"Bouncing Flask","floor":4},{"not_picked":["Choke","Deflect"],"picked":"Malaise","floor":7},{"not_picked":["Slice","Deadly Poison"],"picked":"Blade Dance","floor":10},{"not_picked":["Distraction","Prepared","Deadly Poison"],"picked":"SKIP","floor":11},{"not_picked":["Predator","Quick Slash","Cloak And Dagger"],"picked":"SKIP","floor":13},{"not_picked":["Malaise","Grand Finale"],"picked":"Die Die Die","floor":16},{"not_picked":["Endless Agony+1","Caltrops"],"picked":"Well Laid Plans+1","floor":18},{"not_picked":["Predator","Reflex"],"picked":"Die Die Die","floor":23},{"not_picked":["Bullet Time","Outmaneuver+1"],"picked":"Noxious Fumes","floor":25},{"not_picked":["Heel Hook+1","Slice+1","Calculated Gamble"],"picked":"SKIP","floor":27},{"not_picked":["Dodge and Roll+1","Poisoned Stab"],"picked":"Expertise+1","floor":28},{"not_picked":["Dagger Spray","Well Laid Plans+1","Riddle With Holes"],"picked":"SKIP","floor":29},{"not_picked":["Outmaneuver","Blade Dance"],"picked":"Underhanded Strike+1","floor":30},{"not_picked":["Wraith Form v2","A Thousand Cuts"],"picked":"Burst","floor":33},{"not_picked":["Flechettes","Escape Plan+1"],"picked":"Acrobatics+1","floor":35},{"not_picked":["Sucker Punch","Dagger Throw"],"picked":"Cloak And Dagger+1","floor":36},{"not_picked":["Flying Knee","Poisoned Stab","Outmaneuver+1"],"picked":"SKIP","floor":40},{"not_picked":["Outmaneuver+1","Dagger Spray","All Out Attack"],"picked":"SKIP","floor":41},{"not_picked":["Quick Slash","Dagger Spray","Escape Plan+1"],"picked":"SKIP","floor":42},{"not_picked":["Deflect+1","Flying Knee+1","Deadly Poison"],"picked":"SKIP","floor":44},{"not_picked":["Bullet Time","Skewer"],"picked":"Accuracy+1","floor":45},{"not_picked":["Backflip","Slice+1","Dodge and Roll+1"],"picked":"SKIP","floor":46},{"not_picked":["Cloak And Dagger","Sucker Punch","Deflect+1"],"picked":"SKIP","floor":47}],"player_experience":166797,"relics_obtained":[{"floor":7,"key":"Bag of Preparation"},{"floor":9,"key":"Bronze Scales"},{"floor":10,"key":"Omamori"},{"floor":13,"key":"HornCleat"},{"floor":23,"key":"Art of War"},{"floor":25,"key":"Whetstone"},{"floor":26,"key":"Dream Catcher"},{"floor":29,"key":"Strawberry"},{"floor":36,"key":"FossilizedHelix"},{"floor":39,"key":"Happy Flower"},{"floor":40,"key":"Paper Crane"},{"floor":42,"key":"War Paint"},{"floor":43,"key":"Ninja Scroll"},{"floor":45,"key":"Mercury Hourglass"}],"event_choices":[{"damage_healed":0,"gold_gain":0,"player_choice":"Lose Max HP","damage_taken":0,"relics_obtained":["Golden Idol"],"max_hp_gain":0,"max_hp_loss":5,"event_name":"Golden Idol","floor":14,"gold_loss":0},{"cards_removed":["Strike_G"],"damage_healed":0,"gold_gain":0,"player_choice":"Gave Gold","damage_taken":0,"max_hp_gain":0,"max_hp_loss":0,"event_name":"Beggar","floor":19,"gold_loss":75},{"damage_healed":0,"gold_gain":0,"player_choice":"Opened","damage_taken":0,"relics_obtained":["CaptainsWheel"],"max_hp_gain":0,"max_hp_loss":0,"event_name":"The Mausoleum","floor":20,"gold_loss":0,"cards_obtained":["Writhe"]},{"damage_healed":0,"gold_gain":0,"player_choice":"Simplicity","damage_taken":0,"max_hp_gain":0,"max_hp_loss":0,"event_name":"Back to Basics","floor":22,"gold_loss":0,"cards_upgraded":["Strike_G","Strike_G","Defend_G","Defend_G","Defend_G","Defend_G","Defend_G"]},{"damage_healed":0,"gold_gain":0,"player_choice":"Fight","damage_taken":0,"max_hp_gain":0,"max_hp_loss":0,"event_name":"MindBloom","floor":36,"gold_loss":0},{"damage_healed":0,"gold_gain":333,"player_choice":"Gave Idol","damage_taken":0,"max_hp_gain":0,"max_hp_loss":0,"event_name":"The Moai Head","floor":37,"relics_lost":["Golden Idol"],"gold_loss":0}],"is_beta":false,"boss_relics":[{"not_picked":["Tiny House","Runic Dome"],"picked":"Coffee Dripper"},{"not_picked":["Snecko Eye","Pandora\u0027s Box"],"picked":"WristBlade"}],"items_purged_floors":[5,21,38,48],"is_endless":false,"potions_floor_spawned":[1,7,16,23,28,29,33,35,36,40,41],"ascension_level":7}