{"gold_per_floor":[15,27,27,27,27,61,91,124,124,148,169,169,207,226,226,352,352,368,368,384,398,153,192,192,226,226,226,244,244,244,271,271,373,373,384,384,384,401,41,71,71,98,98,98,112,167,199,199,199,199],"floor_reached":51,"playtime":3233,"items_purged":["Grand Finale"],"score":1201,"play_id":"ba09cd24-87ee-439f-b020-8f490ac88b99","local_time":"20250131190703","is_ascension_mode":true,"campfire_choices":[{"floor":12,"key":"REST"},{"floor":15,"key":"REST"},{"data":"Noxious Fumes","floor":24,"key":"SMITH"},{"floor":27,"key":"REST"},{"floor":30,"key":"REST"},{"data":"Envenom","floor":32,"key":"SMITH"},{"floor":41,"key":"REST"},{"floor":44,"key":"REST"},{"floor":49,"key":"REST"}],"neow_cost":"NO_GOLD","seed_source_timestamp":142721926876458,"circlet_count":0,"master_deck":["AscendersBane","Defend_G","Survivor","Neutralize","Endless Agony","Adrenaline","Deflect","Envenom+1","Blade Dance","Backstab","Dodge and Roll","Deadly Poison","Acrobatics","Noxious Fumes+1","Venomology","Blur+1","Concentrate+1","Envenom+1","Outmaneuver","Blade Dance","Adrenaline","Dash","Venomology","Corpse Explosion","Dodge and Roll+1","Backflip+1","Blade Dance+1","Accuracy+1","Crippling Poison+1","Infinite Blades+1","Dark Shackles"],"relics":["Ring of the Snake","Bloody Idol","The Courier","Juzu Bracelet","Anchor","Omamori","Astrolabe","Bag of Preparation","TungstenRod","Pen Nib","Ornamental Fan","Vajra","Fusion Hammer","Toy Ornithopter","FossilizedHelix","Pantograph","StrikeDummy","Bronze Scales","Prayer Wheel","Orichalcum"],"potions_floor_usage":[16,20,20,21,23,23,25,25,25,31,31,31,33,33,33,33,38,38,40,40,40,42,45,45,46,46,46,50,50,50],"damage_taken":[{"damage":0,"enemies":"2 Louse","floor":1,"turns":3},{"damage":0,"enemies":"Small Slimes","floor":2,"turns":4},{"damage":27,"enemies":"Lagavulin","floor":6,"turns":8},{"damage":21,"enemies":"3 Sentries","floor":8,"turns":11},{"damage":0,"enemies":"Jaw Worm","floor":10,"turns":2},{"damage":3,"enemies":"2 Fungi Beasts","floor":11,"turns":3},{"damage":9,"enemies":"Gremlin Nob","floor":13,"turns":4},{"damage":0,"enemies":"Large Slime","floor":14,"turns":7},{"damage":19,"enemies":"The Guardian","floor":16,"turns":10},{"damage":0,"enemies":"Chosen","floor":18,"turns":6},{"damage":1,"enemies":"2 Thieves","floor":20,"turns":4},{"damage":4,"enemies":"Chosen and Byrds","floor":21,"turns":6},{"damage":6,"enemies":"Slavers","floor":23,"turns":5},{"damage":11,"enemies":"Book of Stabbing","floor":25,"turns":5},{"damage":27,"enemies":"Snake Plant","floor":28,"turns":6},{"damage":8,"enemies":"Gremlin Leader","floor":31,"turns":5},{"damage":43,"enemies":"Champ","floor":33,"turns":9},{"damage":0,"enemies":"3 Shapes","floor":35,"turns":4},{"damage":7,"enemies":"3 Darklings","floor":38,"turns":3},{"damage":42,"enemies":"Reptomancer","floor":40,"turns":7},{"damage":6,"enemies":"Giant Head","floor":42,"turns":7},{"damage":0,"enemies":"Maw","floor":45,"turns":5},{"damage":0,"enemies":"2 Orb Walkers","floor":46,"turns":2},{"damage":35,"enemies":"Reptomancer","floor":47,"turns":5},{"damage":21,"enemies":"Donu and Deca","floor":50,"turns":5}],"seed_played":"1238588173515229546","potions_obtained":[{"floor":10,"key":"SteroidPotion"},{"floor":11,"key":"SkillPotion"},{"floor":13,"key":"CunningPotion"},{"floor":20,"key":"EssenceOfSteel"},{"floor":23,"key":"EssenceOfSteel"},{"floor":38,"key":"CunningPotion"},{"floor":42,"key":"LiquidBronze"},{"floor":45,"key":"Dexterity Potion"},{"floor":47,"key":"Strength Potion"}],"is_trial":false,"path_per_floor":["M","M","?","?","?","E","?","E","T","M","M","R","E","M","R","B",null,"M","?","M","M","$","E","R","E","T","R","M","?","R","E","R","B",null,"M","?","?","M","$","E","R","E","T","R","M","?","E","?","R","B",null],"character_chosen":"THE_SILENT","items_purchased":["Bag of Preparation","Dash","Toy Ornithopter","FossilizedHelix"],"campfire_rested":7,"item_purchase_floors":[22,22,39,39],"current_hp_per_floor":[63,63,63,56,56,29,29,8,8,8,5,24,15,15,34,15,53,53,53,52,48,48,42,42,31,31,50,23,23,42,39,39,16,53,58,58,58,56,56,28,47,51,51,65,65,65,35,35,54,49],"gold":199,"neow_bonus":"TRANSFORM_TWO_CARDS","is_prod":false,"is_daily":false,"chose_seed":false,"campfire_upgraded":2,"win_rate":0,"timestamp":1738379223,"path_taken":["M","M","?","?","?","E","?","E","T","M","M","R","E","M","R","BOSS","M","?","M","M","$","E","R","E","T","R","M","?","R","E","R","BOSS","M","?","?","M","$","E","R","E","T","R","M","?","E","?","R","BOSS"],"build_version":"2022-12-18","purchased_purges":1,"victory":true,"max_hp_per_floor":[70,70,70,70,65,65,65,65,65,65,65,65,65,65,65,65,65,65,65,65,65,65,65,65,65,65,65,65,65,65,65,65,65,65,65,65,65,65,65,65,65,65,65,65,65,65,65,65,65,65],"card_choices":[{"not_picked":["Cloak And Dagger","Flying Knee"],"picked":"Dash","floor":1},{"not_picked":["Concentrate","Escape Plan"],"picked":"Deflect","floor":2},{"not_picked":["Leg Sweep","Backflip"],"picked":"Blade Dance","floor":6},{"not_picked":["Night Terror","Tactician"],"picked":"Backstab","floor":8},{"not_picked":["Acrobatics","Tactician"],"picked":"Dodge and Roll","floor":10},{"not_picked":["Sucker Punch","Prepared"],"picked":"Deadly Poison","floor":11},{"not_picked":["Reflex","Slice"],"picked":"Acrobatics","floor":13},{"not_picked":["Eviscerate","Choke"],"picked":"Noxious Fumes","floor":14},{"not_picked":["Night Terror","Unload"],"picked":"Venomology","floor":16},{"not_picked":["Concentrate","Quick Slash","Acrobatics"],"picked":"SKIP","floor":18},{"not_picked":["Cloak And Dagger","Deadly Poison"],"picked":"Blade Dance","floor":20},{"not_picked":["Deflect","Dagger Spray"],"picked":"Adrenaline","floor":21},{"not_picked":["Bane","Dodge and Roll","Slice+1"],"picked":"SKIP","floor":23},{"not_picked":["Dagger Spray","Underhanded Strike"],"picked":"Venomology","floor":25},{"not_picked":["Blade Dance","Underhanded Strike","Cloak And Dagger"],"picked":"SKIP","floor":28},{"not_picked":["Dagger Spray","Blade Dance","Outmaneuver"],"picked":"SKIP","floor":31},{"not_picked":["Bullet Time","Envenom"],"picked":"Corpse Explosion","floor":33},{"not_picked":["Backflip","Deflect"],"picked":"Dodge and Roll+1","floor":35},{"not_picked":["Terror+1","Sucker Punch+1"],"picked":"Backflip+1","floor":38},{"not_picked":["Storm of Steel","Dagger Throw"],"picked":"Blade Dance+1","floor":40},{"not_picked":["Riddle With Holes+1","Cloak And Dagger"],"picked":"Accuracy+1","floor":42},{"not_picked":["Dagger Spray","Underhanded Strike+1","Finisher+1"],"picked":"SKIP","floor":45},{"not_picked":["Dagger Throw","Deflect"],"picked":"Crippling Poison+1","floor":46},{"not_picked":["Flying Knee+1","Well Laid Plans"],"picked":"Infinite Blades+1","floor":47},{"not_picked":["Transmutation","Blind"],"picked":"Dark Shackles","floor":48}],"player_experience":230018,"relics_obtained":[{"floor":6,"key":"The Courier"},{"floor":8,"key":"Juzu Bracelet"},{"floor":9,"key":"Anchor"},{"floor":13,"key":"Omamori"},{"floor":23,"key":"TungstenRod"},{"floor":25,"key":"Pen Nib"},{"floor":26,"key":"Ornamental Fan"},{"floor":31,"key":"Vajra"},{"floor":40,"key":"Pantograph"},{"floor":42,"key":"StrikeDummy"},{"floor":43,"key":"Bronze Scales"},{"floor":46,"key":"Prayer Wheel"},{"floor":47,"key":"Orichalcum"}],"event_choices":[{"damage_healed":0,"gold_gain":0,"cards_transformed":["Defend_G"],"player_choice":"Change","damage_taken":0,"max_hp_gain":0,"max_hp_loss":0,"event_name":"Living Wall","floor":3,"gold_loss":0,"cards_obtained":["Envenom"]},{"cards_removed":["Strike_G"],"damage_healed":0,"gold_gain":0,"player_choice":"Card Removal","damage_taken":7,"max_hp_gain":0,"max_hp_loss":0,"event_name":"Golden Wing","floor":4,"gold_loss":0},{"damage_healed":0,"gold_gain":0,"player_choice":"Lose Max HP","damage_taken":0,"relics_obtained":["Golden Idol"],"max_hp_gain":0,"max_hp_loss":5,"event_name":"Golden Idol","floor":5,"gold_loss":0},{"damage_healed":0,"gold_gain":30,"player_choice":"Searched \u00271\u0027 times","damage_taken":0,"max_hp_gain":0,"max_hp_loss":0,"event_name":"Dead Adventurer","floor":7,"gold_loss":0},{"damage_healed":0,"gold_gain":0,"cards_transformed":["Strike_G","Defend_G"],"player_choice":"Became Test Subject","damage_taken":0,"max_hp_gain":0,"max_hp_loss":0,"event_name":"Drug Dealer","floor":19,"gold_loss":0,"cards_obtained":["Grand Finale","Outmaneuver"]},{"damage_healed":0,"gold_gain":0,"player_choice":"Gave Idol","damage_taken":0,"relics_obtained":["Bloody Idol"],"max_hp_gain":0,"max_hp_loss":0,"event_name":"Forgotten Altar","floor":29,"relics_lost":["Golden Idol"],"gold_loss":0},{"damage_healed":0,"gold_gain":0,"player_choice":"Ignored","damage_taken":0,"max_hp_gain":0,"max_hp_loss":0,"event_name":"Tomb of Lord Red Mask","floor":36,"gold_loss":0},{"cards_removed":["Dash"],"damage_healed":0,"gold_gain":0,"player_choice":"Removed Attack","damage_taken":0,"max_hp_gain":0,"max_hp_loss":0,"event_name":"Falling","floor":37,"gold_loss":0},{"damage_healed":0,"gold_gain":0,"player_choice":"Fight","damage_taken":0,"max_hp_gain":0,"max_hp_loss":0,"event_name":"Mysterious Sphere","floor":46,"gold_loss":0},{"damage_healed":0,"gold_gain":0,"player_choice":"Memory 1","damage_taken":0,"max_hp_gain":0,"max_hp_loss":0,"event_name":"SensoryStone","floor":48,"gold_loss":0}],"is_beta":false,"boss_relics":[{"not_picked":["SlaversCollar","Sozu"],"picked":"Astrolabe"},{"not_picked":["Coffee Dripper","Pandora\u0027s Box"],"picked":"Fusion Hammer"}],"items_purged_floors":[22],"is_endless":false,"potions_floor_spawned":[10,11,13,20,23,28,38,42,45,47],"ascension_level":10}