{"gold_per_floor":[117,135,85,99,99,125,125,158,158,168,25,100,119,134,134,208,208,219,219,236,90,5,34,34,45,45,45,45,65,65,65,65,65],"floor_reached":33,"playtime":1561,"items_purged":["Strike_G"],"score":454,"play_id":"233545e6-db7f-439b-846c-e5753c60df1a","local_time":"20250215184220","is_ascension_mode":true,"campfire_choices":[{"data":"Blade Dance","floor":7,"key":"SMITH"},{"floor":15,"key":"REST"},{"data":"1","floor":24,"key":"LIFT"},{"data":"2","floor":28,"key":"LIFT"},{"data":"3","floor":30,"key":"LIFT"},{"data":"Bullet Time","floor":32,"key":"SMITH"}],"neow_cost":"NONE","seed_source_timestamp":310478341420959,"circlet_count":0,"master_deck":["AscendersBane","Strike_G+1","Strike_G+1","Defend_G","Defend_G","Defend_G","Survivor","Neutralize","Blade Dance+1","Backstab","Backflip","Backflip","Crippling Poison","Bouncing Flask","Corpse Explosion","Blade Dance","Bullet Time+1","Glass Knife+1","Corpse Explosion+1","Burst+1","Acrobatics","Writhe","Expertise","Noxious Fumes","Terror"],"relics":["Ring of the Snake","NeowsBlessing","Mercury Hourglass","FossilizedHelix","Turnip","Astrolabe","Girya","Happy Flower","Gambling Chip","Art of War","Boot","Pantograph"],"potions_floor_usage":[8,16,23,33,33],"damage_taken":[{"damage":0,"enemies":"Jaw Worm","floor":1,"turns":1},{"damage":0,"enemies":"2 Louse","floor":2,"turns":1},{"damage":0,"enemies":"Cultist","floor":4,"turns":1},{"damage":13,"enemies":"Gremlin Nob","floor":6,"turns":4},{"damage":1,"enemies":"3 Sentries","floor":8,"turns":7},{"damage":0,"enemies":"Blue Slaver","floor":10,"turns":2},{"damage":0,"enemies":"Large Slime","floor":13,"turns":4},{"damage":0,"enemies":"2 Fungi Beasts","floor":14,"turns":2},{"damage":25,"enemies":"Slime Boss","floor":16,"turns":10},{"damage":0,"enemies":"Spheric Guardian","floor":18,"turns":3},{"damage":11,"enemies":"3 Byrds","floor":20,"turns":4},{"damage":20,"enemies":"Book of Stabbing","floor":23,"turns":4},{"damage":0,"enemies":"Cultist and Chosen","floor":25,"turns":3},{"damage":0,"enemies":"Centurion and Healer","floor":29,"turns":3},{"damage":71,"enemies":"Champ","floor":33,"turns":7}],"seed_played":"-148414902483019798","potions_obtained":[{"floor":6,"key":"EssenceOfSteel"},{"floor":13,"key":"SkillPotion"},{"floor":14,"key":"Weak Potion"},{"floor":16,"key":"Explosive Potion"},{"floor":20,"key":"Poison Potion"},{"floor":25,"key":"AttackPotion"},{"floor":29,"key":"SkillPotion"}],"is_trial":false,"path_per_floor":["M","M","?","M","?","E","R","E","T","M","$","?","M","M","R","B",null,"M","?","M","$","?","E","R","M","T","$","R","M","R","T","R","B"],"character_chosen":"THE_SILENT","items_purchased":["Corpse Explosion","Happy Flower"],"campfire_rested":1,"item_purchase_floors":[11,21],"current_hp_per_floor":[63,63,63,63,49,36,36,35,35,35,35,28,28,28,49,24,59,59,59,48,48,48,28,28,28,28,28,28,28,28,28,28,0],"gold":65,"neow_bonus":"THREE_ENEMY_KILL","is_prod":false,"is_daily":false,"chose_seed":false,"campfire_upgraded":2,"win_rate":0,"timestamp":1739673740,"path_taken":["M","M","?","M","?","E","R","E","T","M","$","?","?","M","R","BOSS","M","?","M","$","?","E","R","M","T","$","R","M","R","?","R","BOSS"],"build_version":"2022-12-18","purchased_purges":1,"victory":false,"max_hp_per_floor":[70,70,70,70,70,70,70,70,70,70,70,70,70,70,70,70,70,70,70,70,70,70,70,70,70,70,70,70,70,70,70,70,70],"card_choices":[{"not_picked":["Cloak And Dagger","Prepared"],"picked":"Blade Dance","floor":1},{"not_picked":["Slice","Tactician"],"picked":"Backstab","floor":2},{"not_picked":["Dodge and Roll","Setup"],"picked":"Backflip","floor":4},{"not_picked":["Distraction","Riddle With Holes"],"picked":"Backflip","floor":6},{"not_picked":["Bane","All Out Attack"],"picked":"Crippling Poison","floor":8},{"not_picked":["Eviscerate","Bane"],"picked":"Bouncing Flask","floor":10},{"not_picked":["Dagger Throw","Grand Finale","Underhanded Strike"],"picked":"SKIP","floor":13},{"not_picked":["Underhanded Strike","Quick Slash"],"picked":"Blade Dance","floor":14},{"not_picked":["Doppelganger","Phantasmal Killer"],"picked":"Bullet Time","floor":16},{"not_picked":["Deadly Poison","Concentrate"],"picked":"Acrobatics","floor":18},{"not_picked":["Predator","Poisoned Stab"],"picked":"Expertise","floor":20},{"not_picked":["Tactician","Masterful Stab"],"picked":"Noxious Fumes","floor":23},{"not_picked":["Deflect","Outmaneuver"],"picked":"Terror","floor":25},{"not_picked":["Flying Knee+1","Deadly Poison","Bane+1"],"picked":"SKIP","floor":29}],"player_experience":292014,"relics_obtained":[{"floor":6,"key":"Mercury Hourglass"},{"floor":8,"key":"FossilizedHelix"},{"floor":9,"key":"Turnip"},{"floor":23,"key":"Art of War"},{"floor":26,"key":"Boot"},{"floor":31,"key":"Pantograph"}],"event_choices":[{"cards_removed":["Defend_G"],"damage_healed":0,"gold_gain":0,"player_choice":"Card Removal","damage_taken":0,"max_hp_gain":0,"max_hp_loss":0,"event_name":"The Cleric","floor":3,"gold_loss":50},{"damage_healed":0,"gold_gain":0,"player_choice":"Entered Light","damage_taken":14,"max_hp_gain":0,"max_hp_loss":0,"event_name":"Shining Light","floor":5,"gold_loss":0,"cards_upgraded":["Strike_G","Strike_G"]},{"damage_healed":0,"gold_gain":75,"player_choice":"Touch","damage_taken":7,"max_hp_gain":0,"max_hp_loss":0,"event_name":"FaceTrader","floor":12,"gold_loss":0},{"damage_healed":0,"gold_gain":0,"player_choice":"Opened","damage_taken":0,"relics_obtained":["Girya"],"max_hp_gain":0,"max_hp_loss":0,"event_name":"The Mausoleum","floor":19,"gold_loss":0,"cards_obtained":["Writhe"]},{"damage_healed":0,"gold_gain":0,"player_choice":"Obtained Relic","damage_taken":0,"relics_obtained":["Gambling Chip"],"max_hp_gain":0,"max_hp_loss":0,"event_name":"Addict","floor":22,"gold_loss":85}],"is_beta":false,"boss_relics":[{"not_picked":["Busted Crown","SlaversCollar"],"picked":"Astrolabe"}],"items_purged_floors":[11],"is_endless":false,"potions_floor_spawned":[6,13,14,16,20,25,29],"killed_by":"Champ","ascension_level":13}