{"gold_per_floor":[10,25,25,41,60,60,91,91,161,194,205,216,216,232,232,310,310,326,341,341,341,33,33,51,77,77,112,12,12,29,49,49,49],"floor_reached":33,"playtime":1996,"items_purged":["Strike_G","Defend_G"],"score":548,"play_id":"2946477a-cbfd-4051-8eec-368a1c34de39","local_time":"20250224194054","is_ascension_mode":true,"campfire_choices":[{"data":"Bane","floor":6,"key":"SMITH"},{"data":"Wraith Form v2","floor":8,"key":"SMITH"},{"data":"Bane","floor":15,"key":"SMITH"},{"data":"Noxious Fumes","floor":23,"key":"SMITH"},{"data":"Prepared","floor":32,"key":"SMITH"}],"neow_cost":"NO_GOLD","seed_source_timestamp":89090620967542,"circlet_count":0,"master_deck":["AscendersBane","Strike_G","Strike_G","Strike_G","Strike_G","Defend_G","Defend_G+1","Defend_G","Defend_G","Survivor","Neutralize","Dagger Throw","Dagger Spray","Bane+1","Deadly Poison+1","PiercingWail","Crippling Poison","Bane+1","Dodge and Roll","Wraith Form v2+1","Distraction","Backflip","PiercingWail","Malaise","Cloak And Dagger","Bullet Time","Predator","PiercingWail","Expertise+1","Ghostly","Ghostly","Ghostly","RitualDagger","Noxious Fumes+1","Outmaneuver+1","Prepared+1","Dagger Throw+1","Backstab+1","Backflip","Venomology","Expertise"],"relics":["Ring of the Snake","Prayer Wheel","Lizard Tail","Pantograph","War Paint","HoveringKite","Bag of Preparation","Art of War","Kunai","Matryoshka"],"potions_floor_usage":[16,30,33],"damage_taken":[{"damage":0,"enemies":"Cultist","floor":1,"turns":4},{"damage":0,"enemies":"2 Louse","floor":2,"turns":3},{"damage":0,"enemies":"Small Slimes","floor":4,"turns":3},{"damage":0,"enemies":"2 Fungi Beasts","floor":5,"turns":3},{"damage":25,"enemies":"Lagavulin","floor":7,"turns":6},{"damage":18,"enemies":"3 Sentries","floor":10,"turns":9},{"damage":0,"enemies":"Large Slime","floor":11,"turns":5},{"damage":0,"enemies":"Red Slaver","floor":12,"turns":3},{"damage":3,"enemies":"Exordium Wildlife","floor":14,"turns":5},{"damage":29,"enemies":"Hexaghost","floor":16,"turns":12},{"damage":22,"enemies":"Chosen","floor":18,"turns":6},{"damage":5,"enemies":"Shell Parasite","floor":19,"turns":8},{"damage":4,"enemies":"Shelled Parasite and Fungi","floor":24,"turns":7},{"damage":8,"enemies":"Book of Stabbing","floor":25,"turns":9},{"damage":3,"enemies":"Slavers","floor":27,"turns":5},{"damage":1,"enemies":"Chosen and Byrds","floor":30,"turns":8},{"damage":0,"enemies":"Snake Plant","floor":31,"turns":5},{"damage":0,"enemies":"Collector","floor":33,"turns":1}],"seed_played":"-2089421130882714514","potions_obtained":[{"floor":7,"key":"FearPotion"},{"floor":11,"key":"Ancient Potion"},{"floor":24,"key":"LiquidMemories"},{"floor":25,"key":"Poison Potion"},{"floor":30,"key":"Fire Potion"}],"is_trial":false,"path_per_floor":["M","M","$","M","M","R","E","R","T","E","M","M","?","M","R","B",null,"M","M","?","?","$","R","M","E","T","E","$","?","M","M","R","B"],"character_chosen":"THE_SILENT","items_purchased":["Noxious Fumes","Bag of Preparation"],"campfire_rested":0,"item_purchase_floors":[22,22],"current_hp_per_floor":[59,59,59,59,59,59,34,34,34,16,16,16,16,13,13,9,52,30,25,25,19,19,19,15,7,7,4,4,16,15,15,15,33],"gold":49,"neow_bonus":"ONE_RARE_RELIC","is_prod":false,"is_daily":false,"chose_seed":false,"campfire_upgraded":5,"win_rate":0,"timestamp":1740454854,"path_taken":["M","?","?","M","M","R","E","R","T","E","M","?","?","M","R","BOSS","M","M","?","?","$","R","M","E","T","E","$","?","M","?","R","BOSS"],"build_version":"2022-12-18","purchased_purges":2,"victory":false,"max_hp_per_floor":[66,66,66,66,66,66,66,66,66,66,66,66,66,66,66,66,66,66,66,33,33,33,33,33,33,33,33,33,33,33,33,33,33],"card_choices":[{"not_picked":["Underhanded Strike","Reflex"],"picked":"Dagger Throw","floor":1},{"not_picked":["Sucker Punch","Flying Knee"],"picked":"Dagger Spray","floor":1},{"not_picked":["Malaise","Flying Knee"],"picked":"Bane","floor":2},{"not_picked":["Riddle With Holes","Prepared"],"picked":"Deadly Poison","floor":2},{"not_picked":["Cloak And Dagger","Flechettes"],"picked":"PiercingWail","floor":4},{"not_picked":["Catalyst","Backflip"],"picked":"Crippling Poison","floor":4},{"not_picked":["Well Laid Plans","Tactician"],"picked":"Bane","floor":5},{"not_picked":["Quick Slash","Calculated Gamble"],"picked":"Dodge and Roll","floor":5},{"not_picked":["Skewer","All Out Attack"],"picked":"Wraith Form v2","floor":7},{"not_picked":["Slice","Bane"],"picked":"Distraction","floor":10},{"not_picked":["Underhanded Strike","Flying Knee"],"picked":"Backflip","floor":11},{"not_picked":["Slice","Dagger Throw"],"picked":"PiercingWail","floor":11},{"not_picked":["Deadly Poison","Dagger Throw"],"picked":"Malaise","floor":12},{"not_picked":["Riddle With Holes","Dagger Spray"],"picked":"Cloak And Dagger","floor":12},{"not_picked":["Bane","Sucker Punch","Quick Slash"],"picked":"SKIP","floor":14},{"not_picked":["Flying Knee","Sucker Punch","Tactician"],"picked":"SKIP","floor":14},{"not_picked":["Bane","Sucker Punch","Quick Slash"],"picked":"SKIP","floor":14},{"not_picked":["Flying Knee","Sucker Punch","Tactician"],"picked":"SKIP","floor":14},{"not_picked":["Burst","Wraith Form v2"],"picked":"Bullet Time","floor":16},{"not_picked":["Outmaneuver","Backflip"],"picked":"Predator","floor":18},{"not_picked":["Setup","Sucker Punch"],"picked":"PiercingWail","floor":18},{"not_picked":["Heel Hook","Dagger Spray"],"picked":"Expertise+1","floor":19},{"not_picked":["Outmaneuver","Dodge and Roll","Expertise"],"picked":"SKIP","floor":19},{"not_picked":["Sucker Punch","Backflip"],"picked":"Outmaneuver+1","floor":24},{"not_picked":["PiercingWail","Deadly Poison"],"picked":"Prepared","floor":24},{"not_picked":["Sucker Punch","Infinite Blades","Accuracy"],"picked":"SKIP","floor":25},{"not_picked":["Finisher","Setup"],"picked":"Dagger Throw+1","floor":27},{"not_picked":["Dagger Spray","Prepared"],"picked":"Backstab+1","floor":30},{"not_picked":["Outmaneuver","Riddle With Holes"],"picked":"Backflip","floor":30},{"not_picked":["Outmaneuver","Dagger Spray+1"],"picked":"Venomology","floor":31},{"not_picked":["Sucker Punch","Cloak And Dagger"],"picked":"Expertise","floor":31}],"player_experience":327142,"relics_obtained":[{"floor":7,"key":"Lizard Tail"},{"floor":9,"key":"Pantograph"},{"floor":10,"key":"War Paint"},{"floor":25,"key":"Art of War"},{"floor":26,"key":"Kunai"},{"floor":27,"key":"Matryoshka"}],"event_choices":[{"damage_healed":0,"gold_gain":0,"player_choice":"Ignored","damage_taken":0,"max_hp_gain":0,"max_hp_loss":0,"event_name":"Shining Light","floor":13,"gold_loss":0},{"damage_healed":0,"gold_gain":0,"player_choice":"Became a Ghost","damage_taken":0,"max_hp_gain":0,"max_hp_loss":33,"event_name":"Ghosts","floor":20,"gold_loss":0,"cards_obtained":["Ghostly","Ghostly","Ghostly"]},{"damage_healed":0,"gold_gain":0,"player_choice":"Joined the Cult","damage_taken":6,"max_hp_gain":0,"max_hp_loss":0,"event_name":"Nest","floor":21,"gold_loss":0,"cards_obtained":["RitualDagger"]},{"damage_healed":0,"gold_gain":0,"player_choice":"Damaged","damage_taken":4,"max_hp_gain":0,"max_hp_loss":0,"event_name":"Wheel of Change","floor":29,"gold_loss":0}],"is_beta":false,"boss_relics":[{"not_picked":["Black Star","Velvet Choker"],"picked":"HoveringKite"}],"items_purged_floors":[22,28],"is_endless":false,"potions_floor_spawned":[7,11,12,24,25,30],"killed_by":"Collector","ascension_level":15}