{"gold_per_floor":[111,0,16,33,33,58,58,91,171,196,196,196,207,222,222,296,296,308,68,68,68,88,120,120,132,202,117,117,127,154,170,170,243,243,258,258,278,278,292,292,327,341,341,351,401,401,418,49,49,49],"floor_reached":51,"playtime":3035,"items_purged":["Defend_G","Defend_G+1"],"score":1367,"play_id":"bd36caa2-b65f-4ae8-ad79-f97684cb41ce","local_time":"20250411191833","is_ascension_mode":true,"campfire_choices":[{"data":"Phantasmal Killer","floor":7,"key":"SMITH"},{"data":"Footwork","floor":12,"key":"SMITH"},{"floor":15,"key":"REST"},{"data":"After Image","floor":24,"key":"SMITH"},{"data":"After Image","floor":32,"key":"SMITH"},{"data":"Well Laid Plans","floor":40,"key":"SMITH"},{"data":"A Thousand Cuts","floor":46,"key":"SMITH"},{"data":"Prepared","floor":49,"key":"SMITH"}],"neow_cost":"TEN_PERCENT_HP_LOSS","seed_source_timestamp":630956945210834,"circlet_count":0,"master_deck":["AscendersBane","Defend_G+1","Defend_G+1","Survivor","Neutralize","Phantasmal Killer+1","Blade Dance","Footwork+1","Poisoned Stab","Deflect","Blade Dance","Acrobatics","Corpse Explosion+1","Prepared+1","Predator","After Image+1","Prepared+1","A Thousand Cuts+1","Choke+1","After Image+1","Dodge and Roll","Accuracy","Well Laid Plans+1","Grand Finale","Expertise","Blade Dance","Cloak And Dagger+1","Bullet Time+1","Blur","Cloak And Dagger+1","A Thousand Cuts+1","Blade Dance","Accuracy"],"relics":["Ring of the Snake","Incense Burner","MealTicket","Pear","Meat on the Bone","CultistMask","Astrolabe","DollysMirror","Kunai","Sundial","Toy Ornithopter","Omamori","Coffee Dripper","HornCleat","Shuriken","War Paint"],"potions_floor_usage":[4,6,13,23,33,41,41,50,50,50,50],"damage_taken":[{"damage":6,"enemies":"Cultist","floor":1,"turns":4},{"damage":0,"enemies":"2 Louse","floor":3,"turns":2},{"damage":0,"enemies":"Small Slimes","floor":4,"turns":3},{"damage":16,"enemies":"Gremlin Nob","floor":6,"turns":3},{"damage":31,"enemies":"Lagavulin","floor":8,"turns":9},{"damage":10,"enemies":"3 Sentries","floor":10,"turns":6},{"damage":10,"enemies":"3 Louse","floor":13,"turns":3},{"damage":12,"enemies":"Looter","floor":14,"turns":4},{"damage":20,"enemies":"The Guardian","floor":16,"turns":15},{"damage":13,"enemies":"3 Byrds","floor":18,"turns":4},{"damage":8,"enemies":"Chosen","floor":22,"turns":4},{"damage":40,"enemies":"Slavers","floor":23,"turns":6},{"damage":7,"enemies":"Snake Plant","floor":25,"turns":6},{"damage":5,"enemies":"3 Cultists","floor":29,"turns":3},{"damage":8,"enemies":"Book of Stabbing","floor":30,"turns":9},{"damage":12,"enemies":"Cultist and Chosen","floor":31,"turns":6},{"damage":19,"enemies":"Collector","floor":33,"turns":9},{"damage":21,"enemies":"3 Shapes","floor":35,"turns":4},{"damage":1,"enemies":"Orb Walker","floor":37,"turns":3},{"damage":20,"enemies":"Maw","floor":39,"turns":7},{"damage":4,"enemies":"Reptomancer","floor":41,"turns":6},{"damage":11,"enemies":"4 Shapes","floor":42,"turns":5},{"damage":37,"enemies":"Writhing Mass","floor":44,"turns":5},{"damage":23,"enemies":"Jaw Worm Horde","floor":47,"turns":2},{"damage":19,"enemies":"Donu and Deca","floor":50,"turns":6}],"seed_played":"-43299320671319810","potions_obtained":[{"floor":1,"key":"Poison Potion"},{"floor":4,"key":"Fruit Juice"},{"floor":13,"key":"Fruit Juice"},{"floor":16,"key":"Poison Potion"},{"floor":30,"key":"Explosive Potion"},{"floor":31,"key":"Ancient Potion"},{"floor":33,"key":"ColorlessPotion"},{"floor":47,"key":"EntropicBrew"}],"is_trial":false,"path_per_floor":["M","$","M","M","$","E","R","E","T","E","?","R","M","M","R","B",null,"M","$","?","?","M","E","R","M","T","?","?","M","E","M","R","B",null,"M","?","M","?","M","R","E","M","T","M","?","R","M","$","R","B",null],"character_chosen":"THE_SILENT","items_purchased":["Footwork","Poisoned Stab","DollysMirror","War Paint","EntropicBrew"],"campfire_rested":1,"item_purchase_floors":[2,2,19,48,48],"current_hp_per_floor":[53,53,53,58,58,42,42,11,21,11,11,11,18,18,42,34,69,56,71,71,71,63,35,35,40,40,40,40,47,51,51,51,49,72,51,51,50,50,42,42,48,49,49,24,24,24,13,28,28,41],"gold":49,"neow_bonus":"THREE_RARE_CARDS","is_prod":false,"is_daily":false,"chose_seed":false,"campfire_upgraded":7,"win_rate":0,"timestamp":1744424313,"path_taken":["M","?","M","M","?","E","R","E","T","E","?","R","M","?","R","BOSS","M","$","?","?","M","E","R","M","T","?","?","M","E","M","R","BOSS","M","?","M","?","M","R","E","M","T","?","?","R","?","$","R","BOSS"],"build_version":"2022-12-18","purchased_purges":2,"victory":true,"max_hp_per_floor":[60,60,60,65,65,65,65,65,75,75,75,75,80,80,80,80,80,80,80,80,80,80,80,80,80,80,80,80,80,80,80,80,80,80,80,80,80,80,80,80,80,80,80,80,80,80,80,80,80,80],"card_choices":[{"not_picked":["Storm of Steel","Burst"],"picked":"Phantasmal Killer","floor":0},{"not_picked":["Prepared","Finisher"],"picked":"Blade Dance","floor":1},{"not_picked":["Dagger Throw","Quick Slash"],"picked":"Deflect","floor":3},{"not_picked":["Reflex","Bane"],"picked":"Blade Dance","floor":4},{"not_picked":["Prepared","Dagger Throw"],"picked":"Acrobatics","floor":6},{"not_picked":["Deadly Poison","All Out Attack"],"picked":"Corpse Explosion","floor":8},{"not_picked":["Bouncing Flask","Quick Slash"],"picked":"Prepared","floor":10},{"not_picked":["Riddle With Holes","Reflex"],"picked":"Predator","floor":13},{"not_picked":["Prepared","Poisoned Stab","Deflect"],"picked":"SKIP","floor":14},{"not_picked":["Night Terror","Tools of the Trade"],"picked":"After Image","floor":16},{"not_picked":["Cloak And Dagger","Setup","Deadly Poison"],"picked":"SKIP","floor":18},{"not_picked":["Finisher+1","Quick Slash+1"],"picked":"Dodge and Roll","floor":22},{"not_picked":["Slice+1","Grand Finale"],"picked":"Accuracy","floor":23},{"not_picked":["Dodge and Roll","Acrobatics","Dagger Throw"],"picked":"SKIP","floor":25},{"not_picked":["Bane","Dagger Spray"],"picked":"Expertise","floor":29},{"not_picked":["Endless Agony","Setup"],"picked":"Blade Dance","floor":30},{"not_picked":["Expertise","Die Die Die"],"picked":"Cloak And Dagger+1","floor":31},{"not_picked":["Doppelganger","Grand Finale"],"picked":"Bullet Time","floor":33},{"not_picked":["Acrobatics","Tactician+1"],"picked":"Blur","floor":35},{"not_picked":["Sucker Punch","Acrobatics","Bouncing Flask"],"picked":"SKIP","floor":37},{"not_picked":["Poisoned Stab","Expertise+1"],"picked":"Cloak And Dagger+1","floor":39},{"not_picked":["Noxious Fumes","Underhanded Strike"],"picked":"A Thousand Cuts","floor":41},{"not_picked":["Cloak And Dagger","Flying Knee"],"picked":"Blade Dance","floor":42},{"not_picked":["Heel Hook+1","Endless Agony","Setup"],"picked":"SKIP","floor":44},{"not_picked":["Deflect+1","Blade Dance"],"picked":"Accuracy","floor":47}],"player_experience":384417,"relics_obtained":[{"floor":6,"key":"Incense Burner"},{"floor":8,"key":"MealTicket"},{"floor":9,"key":"Pear"},{"floor":10,"key":"Meat on the Bone"},{"floor":23,"key":"Kunai"},{"floor":26,"key":"Sundial"},{"floor":30,"key":"Omamori"},{"floor":41,"key":"HornCleat"},{"floor":43,"key":"Shuriken"}],"event_choices":[{"damage_healed":0,"gold_gain":0,"player_choice":"Trade","damage_taken":0,"relics_obtained":["CultistMask"],"max_hp_gain":0,"max_hp_loss":0,"event_name":"FaceTrader","floor":11,"gold_loss":0},{"damage_healed":0,"gold_gain":0,"player_choice":"Ignored","damage_taken":0,"max_hp_gain":0,"max_hp_loss":0,"event_name":"The Mausoleum","floor":20,"gold_loss":0},{"damage_healed":0,"gold_gain":0,"player_choice":"Simplicity","damage_taken":0,"max_hp_gain":0,"max_hp_loss":0,"event_name":"Back to Basics","floor":21,"gold_loss":0,"cards_upgraded":["Strike_G","Strike_G","Strike_G","Defend_G","Defend_G","Defend_G"]},{"damage_healed":0,"gold_gain":0,"player_choice":"Obtained Relic","damage_taken":0,"relics_obtained":["Toy Ornithopter"],"max_hp_gain":0,"max_hp_loss":0,"event_name":"Addict","floor":27,"gold_loss":85},{"damage_healed":0,"gold_gain":0,"cards_transformed":["Strike_G","Strike_G"],"player_choice":"Became Test Subject","damage_taken":0,"max_hp_gain":0,"max_hp_loss":0,"event_name":"Drug Dealer","floor":28,"gold_loss":0,"cards_obtained":["Well Laid Plans","Grand Finale"]},{"damage_healed":0,"gold_gain":0,"player_choice":"Memory 1","damage_taken":0,"max_hp_gain":0,"max_hp_loss":0,"event_name":"SensoryStone","floor":36,"gold_loss":0},{"cards_removed":["Strike_G"],"damage_healed":0,"gold_gain":0,"player_choice":"Card Removal","damage_taken":0,"max_hp_gain":0,"max_hp_loss":0,"event_name":"Wheel of Change","floor":38,"gold_loss":0},{"damage_healed":0,"gold_gain":50,"player_choice":"Pray","damage_taken":0,"max_hp_gain":0,"max_hp_loss":0,"event_name":"Golden Shrine","floor":45,"gold_loss":0}],"is_beta":false,"boss_relics":[{"not_picked":["Cursed Key","HoveringKite"],"picked":"Astrolabe"},{"not_picked":["Pandora\u0027s Box","Snecko Eye"],"picked":"Coffee Dripper"}],"items_purged_floors":[19,48],"is_endless":false,"potions_floor_spawned":[1,4,13,16,30,31,33,37,47],"ascension_level":17}