{"gold_per_floor":[116,166,178,196,209,209,222,253,253,253],"floor_reached":10,"playtime":370,"items_purged":[],"score":133,"play_id":"ab3abf8f-c36c-4f44-9ecd-0cee7a00a1e2","local_time":"20250417231311","is_ascension_mode":true,"campfire_choices":[{"data":"Neutralize","floor":6,"key":"SMITH"}],"neow_cost":"NONE","seed_source_timestamp":842183937004833,"circlet_count":0,"master_deck":["AscendersBane","Strike_G","Strike_G","Strike_G","Strike_G","Strike_G","Defend_G","Defend_G","Defend_G","Defend_G","Defend_G","Survivor","Neutralize+1","Dagger Spray","Riddle With Holes","Slice","Blade Dance","Endless Agony","Dodge and Roll"],"relics":["Ring of the Snake","NeowsBlessing","Strawberry","Pear"],"potions_floor_usage":[8,10],"damage_taken":[{"damage":0,"enemies":"2 Louse","floor":1,"turns":1},{"damage":0,"enemies":"Cultist","floor":3,"turns":1},{"damage":0,"enemies":"Jaw Worm","floor":4,"turns":1},{"damage":3,"enemies":"Exordium Thugs","floor":5,"turns":5},{"damage":3,"enemies":"Red Slaver","floor":7,"turns":3},{"damage":21,"enemies":"Gremlin Nob","floor":8,"turns":4},{"damage":50,"enemies":"Lagavulin","floor":10,"turns":10}],"seed_played":"-2662244995541986287","potions_obtained":[{"floor":5,"key":"GamblersBrew"},{"floor":7,"key":"Weak Potion"},{"floor":8,"key":"Dexterity Potion"}],"is_trial":false,"path_per_floor":["M","?","M","M","M","R","M","E","T","E"],"character_chosen":"THE_SILENT","items_purchased":[],"campfire_rested":0,"item_purchase_floors":[],"current_hp_per_floor":[59,53,53,53,50,50,47,33,43,0],"gold":253,"neow_bonus":"THREE_ENEMY_KILL","is_prod":false,"is_daily":false,"chose_seed":false,"campfire_upgraded":1,"win_rate":0,"timestamp":1744956791,"path_taken":["M","?","M","?","M","R","M","E","T","E"],"build_version":"2022-12-18","purchased_purges":0,"victory":false,"max_hp_per_floor":[66,66,66,66,66,66,66,73,83,83],"card_choices":[{"not_picked":["Flying Knee","Dodge and Roll"],"picked":"Dagger Spray","floor":1},{"not_picked":["Dodge and Roll","Calculated Gamble"],"picked":"Riddle With Holes","floor":3},{"not_picked":["Outmaneuver","Quick Slash"],"picked":"Slice","floor":4},{"not_picked":["Outmaneuver","Flying Knee"],"picked":"Blade Dance","floor":5},{"not_picked":["Quick Slash","Outmaneuver"],"picked":"Endless Agony","floor":7},{"not_picked":["Slice","Sucker Punch"],"picked":"Dodge and Roll","floor":8}],"player_experience":403349,"relics_obtained":[{"floor":8,"key":"Strawberry"},{"floor":9,"key":"Pear"}],"event_choices":[{"damage_healed":0,"gold_gain":50,"player_choice":"Touch","damage_taken":6,"max_hp_gain":0,"max_hp_loss":0,"event_name":"FaceTrader","floor":2,"gold_loss":0}],"is_beta":false,"boss_relics":[],"items_purged_floors":[],"is_endless":false,"potions_floor_spawned":[5,7,8],"killed_by":"Lagavulin","ascension_level":18}