{"gold_per_floor":[111,36,36,36,50,82,82,110,110,122,133,133,150,150,150,221,221,233,233,158,32,50,50,50,50],"floor_reached":25,"playtime":892,"items_purged":["Strike_G"],"score":445,"play_id":"34832bd9-3adc-413b-b553-33ba8c2f2db9","local_time":"20250417235045","is_ascension_mode":true,"campfire_choices":[{"data":"Blade Dance","floor":7.0,"key":"SMITH"},{"floor":12.0,"key":"REST"},{"data":"Dash","floor":15.0,"key":"SMITH"},{"floor":23,"key":"REST"}],"neow_cost":"NONE","seed_source_timestamp":843812484737125,"circlet_count":0,"master_deck":["AscendersBane","Strike_G+1","Strike_G","Strike_G","Defend_G","Defend_G","Defend_G","Defend_G","Defend_G+1","Survivor","Neutralize","Blade Dance+1","Dodge and Roll","Dash+1","Accuracy","Crippling Poison","Noxious Fumes+1","Corpse Explosion","Escape Plan","Accuracy","Calculated Gamble+1"],"special_seed":0,"relics":["Ring of the Snake","NeowsBlessing","The Courier","Snake Skull","Bottled Flame","Black Star"],"potions_floor_usage":[16,18],"damage_taken":[{"damage":0.0,"enemies":"2 Louse","floor":1.0,"turns":1.0},{"damage":0.0,"enemies":"Jaw Worm","floor":5.0,"turns":1.0},{"damage":0.0,"enemies":"Gremlin Nob","floor":6.0,"turns":1.0},{"damage":17.0,"enemies":"3 Sentries","floor":8.0,"turns":12.0},{"damage":0.0,"enemies":"Small Slimes","floor":10.0,"turns":3.0},{"damage":6.0,"enemies":"3 Louse","floor":11.0,"turns":3.0},{"damage":1.0,"enemies":"Looter","floor":13.0,"turns":4.0},{"damage":28,"enemies":"Slime Boss","floor":16,"turns":7},{"damage":31,"enemies":"Spheric Guardian","floor":18,"turns":6},{"damage":3,"enemies":"Chosen","floor":22,"turns":6},{"damage":16,"enemies":"Slavers","floor":25,"turns":2}],"seed_played":"-8265275932275092903","potions_obtained":[{"floor":6.0,"key":"CunningPotion"},{"floor":8.0,"key":"Dexterity Potion"},{"floor":22,"key":"Explosive Potion"}],"is_trial":false,"path_per_floor":["M","$","?","?","M","E","R","E","T","M","M","R","M","?","R","B",null,"M","?","?","$","M","R","?","E"],"character_chosen":"THE_SILENT","items_purchased":["CunningPotion","Accuracy"],"campfire_rested":2,"item_purchase_floors":[21,21],"current_hp_per_floor":[59,59,59,39,39,39,39,22,22,22,16,35,34,34,34,6,51,20,20,20,20,17,36,18,2],"gold":50,"neow_bonus":"THREE_ENEMY_KILL","is_prod":false,"is_daily":false,"chose_seed":false,"campfire_upgraded":2,"win_rate":0,"timestamp":1744959045,"path_taken":["M","$","?","?","M","E","R","E","T","M","M","R","M","?","R","BOSS","M","?","?","$","M","R","?","E"],"build_version":"2022-12-18","purchased_purges":1,"victory":false,"max_hp_per_floor":[66,66,66,66,66,66,66,66,66,66,66,66,66,66,66,66,66,66,66,66,66,66,66,71,71],"card_choices":[{"not_picked":["Dagger Throw","Crippling Poison"],"picked":"Blade Dance","floor":1.0},{"not_picked":["Escape Plan","Quick Slash"],"picked":"Dodge and Roll","floor":5.0},{"not_picked":["Leg Sweep","Bane"],"picked":"Dash","floor":6.0},{"not_picked":["Cloak And Dagger","Sucker Punch"],"picked":"Accuracy","floor":8.0},{"not_picked":["Dodge and Roll","Dagger Spray"],"picked":"Crippling Poison","floor":10.0},{"not_picked":["Eviscerate","Outmaneuver"],"picked":"Noxious Fumes","floor":11.0},{"not_picked":["Prepared","Concentrate"],"picked":"Corpse Explosion","floor":13.0},{"not_picked":["Dagger Throw","Poisoned Stab"],"picked":"Escape Plan","floor":18},{"not_picked":["Quick Slash","Blur"],"picked":"Calculated Gamble+1","floor":22}],"player_experience":404948,"relics_obtained":[{"floor":6.0,"key":"The Courier"},{"floor":8.0,"key":"Snake Skull"},{"floor":9.0,"key":"Bottled Flame"}],"event_choices":[{"damage_healed":0.0,"max_hp_gain":0.0,"max_hp_loss":0.0,"gold_gain":0.0,"event_name":"Liars Game","player_choice":"Ignored","floor":3.0,"gold_loss":0.0,"damage_taken":0.0},{"damage_healed":0.0,"max_hp_gain":0.0,"max_hp_loss":0.0,"gold_gain":0.0,"event_name":"Shining Light","player_choice":"Entered Light","floor":4.0,"gold_loss":0.0,"damage_taken":20.0,"cards_upgraded":["Defend_G","Strike_G"]},{"damage_healed":0.0,"max_hp_gain":0.0,"max_hp_loss":0.0,"gold_gain":0.0,"event_name":"Living Wall","player_choice":"Grow","floor":14.0,"gold_loss":0.0,"damage_taken":0.0,"cards_upgraded":["Noxious Fumes"]},{"damage_healed":0,"gold_gain":0,"player_choice":"Ignored","damage_taken":0,"max_hp_gain":0,"max_hp_loss":0,"event_name":"Cursed Tome","floor":19,"gold_loss":0},{"cards_removed":["Strike_G"],"damage_healed":0,"gold_gain":0,"player_choice":"Gave Gold","damage_taken":0,"max_hp_gain":0,"max_hp_loss":0,"event_name":"Beggar","floor":20,"gold_loss":75},{"damage_healed":0,"gold_gain":0,"player_choice":"Shed Blood","damage_taken":23,"max_hp_gain":5,"max_hp_loss":0,"event_name":"Forgotten Altar","floor":24,"gold_loss":0}],"is_beta":false,"boss_relics":[{"not_picked":["Sozu","Coffee Dripper"],"picked":"Black Star"}],"items_purged_floors":[2],"is_endless":false,"potions_floor_spawned":[6,8,10,22],"killed_by":"Slavers","ascension_level":18}