{"gold_per_floor":[111,111,126,146,146,146,161,171,171,171,171,212,212,256,256,345,345,358,358,358,358,283,283,297,57,57,57,77,52,52,85,85,184,184,197,220,32,45,66,107,158,211,223,279,291,0,31,43,55,67],"floor_reached":51,"playtime":5323,"items_purged":["Night Terror","Sucker Punch"],"score":1538,"play_id":"e21dee6d-9da4-4bcf-ad36-cfb3b64d96e4","local_time":"20250423223643","is_ascension_mode":true,"campfire_choices":[{"data":"Endless Agony","floor":6.0,"key":"SMITH"},{"floor":11.0,"key":"REST"},{"data":"Well Laid Plans","floor":15.0,"key":"SMITH"},{"floor":23.0,"key":"REST"},{"data":"Trip","floor":32.0,"key":"SMITH"},{"floor":49,"key":"REST"}],"neow_cost":"NONE","seed_source_timestamp":1100986562549708,"circlet_count":0,"master_deck":["AscendersBane","Survivor","Neutralize","Venomology","Backflip","Endless Agony+1","Slice","Choke","Well Laid Plans+1","Blade Dance","Storm of Steel","Blur+1","Slice","Well Laid Plans","Backflip","Noxious Fumes","Calculated Gamble+1","Blade Dance+1","Trip+1","Dodge and Roll","Endless Agony","Well Laid Plans+1","Caltrops+1","Accuracy+1","Accuracy+1","Choke+1","Cloak And Dagger+1","Panacea"],"special_seed":0,"relics":["Ring of the Snake","Singing Bowl","Kunai","Golden Idol","Pocketwatch","Tiny Chest","Pandora\u0027s Box","Nilry\u0027s Codex","Frozen Egg 2","Gremlin Horn","Meat on the Bone","SacredBark","PreservedInsect","MawBank","Darkstone Periapt","War Paint","Peace Pipe","Red Mask"],"potions_floor_usage":[47,50,50],"damage_taken":[{"damage":3.0,"enemies":"Small Slimes","floor":1.0,"turns":5.0},{"damage":2.0,"enemies":"2 Louse","floor":3.0,"turns":4.0},{"damage":7.0,"enemies":"Jaw Worm","floor":4.0,"turns":6.0},{"damage":12.0,"enemies":"3 Louse","floor":7.0,"turns":4.0},{"damage":0.0,"enemies":"2 Fungi Beasts","floor":8.0,"turns":3.0},{"damage":25.0,"enemies":"Lagavulin","floor":12.0,"turns":6.0},{"damage":1.0,"enemies":"Gremlin Nob","floor":14.0,"turns":3.0},{"damage":20.0,"enemies":"The Guardian","floor":16.0,"turns":11.0},{"damage":19.0,"enemies":"2 Thieves","floor":18.0,"turns":5.0},{"damage":0.0,"enemies":"Shell Parasite","floor":20.0,"turns":1.0},{"damage":8.0,"enemies":"Centurion and Healer","floor":24.0,"turns":7.0},{"damage":0.0,"enemies":"3 Cultists","floor":28.0,"turns":2.0},{"damage":0.0,"enemies":"Gremlin Leader","floor":31.0,"turns":5.0},{"damage":19.0,"enemies":"Collector","floor":33.0,"turns":10.0},{"damage":16.0,"enemies":"Orb Walker","floor":35.0,"turns":4.0},{"damage":14.0,"enemies":"3 Shapes","floor":36.0,"turns":8.0},{"damage":3.0,"enemies":"Maw","floor":38.0,"turns":7.0},{"damage":2.0,"enemies":"4 Shapes","floor":39.0,"turns":6.0},{"damage":36.0,"enemies":"Nemesis","floor":40.0,"turns":7.0},{"damage":0.0,"enemies":"Reptomancer","floor":42.0,"turns":2.0},{"damage":31.0,"enemies":"Giant Head","floor":44.0,"turns":5.0},{"damage":0,"enemies":"Jaw Worm Horde","floor":47,"turns":2},{"damage":66,"enemies":"Time Eater","floor":50,"turns":11}],"seed_played":"-7998004273718698089","potions_obtained":[{"floor":8.0,"key":"FearPotion"},{"floor":14.0,"key":"SkillPotion"},{"floor":24.0,"key":"Ancient Potion"},{"floor":28.0,"key":"BlessingOfTheForge"},{"floor":31.0,"key":"Weak Potion"},{"floor":35.0,"key":"Regen Potion"},{"floor":39.0,"key":"Regen Potion"},{"floor":44.0,"key":"Dexterity Potion"},{"floor":47,"key":"PowerPotion"}],"is_trial":false,"path_per_floor":["M","?","M","M","?","R","M","M","T","?","R","E","?","E","R","B",null,"M","?","M","?","?","R","M","$","T","T","M","$","?","E","R","B",null,"M","M","$","M","M","E","T","E","T","E","?","?","M","?","R","B",null],"character_chosen":"THE_SILENT","items_purchased":["Blade Dance","Trip","Dodge and Roll","Accuracy+1"],"campfire_rested":3,"item_purchase_floors":[25,25,29,37],"current_hp_per_floor":[56,49,47,40,29,29,17,17,17,17,35,10,30,31,31,11,49,32,11,11,24,24,43,35,35,35,35,37,37,76,76,76,59,73,57,78,78,75,73,73,73,75,75,46,38,38,52,52,77,23],"gold":79,"neow_bonus":"ONE_RANDOM_RARE_CARD","is_prod":false,"is_daily":false,"chose_seed":false,"campfire_upgraded":3,"win_rate":0,"timestamp":1745473003,"path_taken":["M","?","M","M","?","R","M","M","T","?","R","E","?","E","R","BOSS","M","?","M","?","?","R","M","$","T","?","M","?","?","E","R","BOSS","M","?","$","M","M","E","?","E","T","E","?","?","M","?","R","BOSS"],"build_version":"2022-12-18","purchased_purges":2,"victory":true,"max_hp_per_floor":[66,66,66,66,66,66,66,66,66,60,60,60,60,62,62,62,62,64,64,64,64,64,64,64,64,64,64,66,66,76,76,76,78,78,78,78,78,78,78,78,78,80,80,82,84,84,86,86,86,86],"card_choices":[{"not_picked":["Outmaneuver","Flying Knee"],"picked":"Backflip","floor":1.0},{"not_picked":["Slice","Acrobatics"],"picked":"Endless Agony","floor":3.0},{"not_picked":["Dodge and Roll","Deflect"],"picked":"Slice","floor":4.0},{"not_picked":["Blur","Reflex"],"picked":"Choke","floor":7.0},{"not_picked":["Dagger Spray","Backflip"],"picked":"Well Laid Plans","floor":8.0},{"not_picked":["Underhanded Strike","PiercingWail"],"picked":"Blade Dance","floor":12.0},{"not_picked":["Well Laid Plans","Grand Finale","Cloak And Dagger"],"picked":"Singing Bowl","floor":14.0},{"not_picked":["Unload","Tools of the Trade"],"picked":"Storm of Steel","floor":16.0},{"not_picked":["Sucker Punch","Prepared","Skewer"],"picked":"Singing Bowl","floor":18.0},{"not_picked":["Flying Knee","Tactician"],"picked":"Calculated Gamble+1","floor":24.0},{"not_picked":["Underhanded Strike","Bane","Deadly Poison"],"picked":"Singing Bowl","floor":28.0},{"not_picked":["PiercingWail","Blade Dance"],"picked":"Endless Agony","floor":31.0},{"not_picked":["Malaise","Glass Knife","Night Terror"],"picked":"Singing Bowl","floor":33.0},{"not_picked":["Deadly Poison+1","PiercingWail"],"picked":"Well Laid Plans+1","floor":35.0},{"not_picked":["Acrobatics","Blade Dance"],"picked":"Caltrops+1","floor":36.0},{"not_picked":["Blade Dance","Underhanded Strike"],"picked":"Accuracy+1","floor":38.0},{"not_picked":["Catalyst+1","Flying Knee"],"picked":"Choke+1","floor":39.0},{"not_picked":["PiercingWail","Endless Agony"],"picked":"Cloak And Dagger+1","floor":40.0},{"not_picked":["Malaise","Leg Sweep","Predator"],"picked":"Singing Bowl","floor":42.0},{"not_picked":["Leg Sweep","Bane","Malaise"],"picked":"Singing Bowl","floor":44.0},{"not_picked":["Discovery","Impatience"],"picked":"Swift Strike","floor":45.0},{"not_picked":["Trip","Deep Breath","Impatience"],"picked":"Singing Bowl","floor":45.0},{"not_picked":["Metamorphosis","Good Instincts"],"picked":"Panacea","floor":45.0},{"not_picked":["Deadly Poison+1","All Out Attack","Flying Knee"],"picked":"Singing Bowl","floor":47}],"player_experience":443301,"relics_obtained":[{"floor":9.0,"key":"Kunai"},{"floor":12.0,"key":"Pocketwatch"},{"floor":14.0,"key":"Tiny Chest"},{"floor":19.0,"key":"Nilry\u0027s Codex"},{"floor":26.0,"key":"Frozen Egg 2"},{"floor":27.0,"key":"Gremlin Horn"},{"floor":31.0,"key":"Meat on the Bone"},{"floor":40.0,"key":"PreservedInsect"},{"floor":41.0,"key":"MawBank"},{"floor":42.0,"key":"Darkstone Periapt"},{"floor":43.0,"key":"War Paint"},{"floor":44.0,"key":"Peace Pipe"}],"event_choices":[{"cards_removed":["Strike_G"],"damage_healed":0.0,"max_hp_gain":0.0,"max_hp_loss":0.0,"gold_gain":0.0,"event_name":"Golden Wing","player_choice":"Card Removal","floor":2.0,"gold_loss":0.0,"damage_taken":7.0},{"damage_healed":0.0,"max_hp_gain":0.0,"max_hp_loss":0.0,"gold_gain":0.0,"event_name":"Scrap Ooze","player_choice":"Success","floor":5.0,"gold_loss":0.0,"damage_taken":11.0,"relics_obtained":["Singing Bowl"]},{"damage_healed":0.0,"max_hp_gain":0.0,"max_hp_loss":6.0,"gold_gain":0.0,"event_name":"Golden Idol","player_choice":"Lose Max HP","floor":10.0,"gold_loss":0.0,"damage_taken":0.0,"relics_obtained":["Golden Idol"]},{"damage_healed":20.0,"max_hp_gain":0.0,"max_hp_loss":0.0,"gold_gain":0.0,"event_name":"Big Fish","player_choice":"Banana","floor":13.0,"gold_loss":0.0,"damage_taken":0.0},{"damage_healed":0.0,"max_hp_gain":0.0,"max_hp_loss":0.0,"gold_gain":0.0,"event_name":"Cursed Tome","player_choice":"Obtained Book","floor":19.0,"gold_loss":0.0,"damage_taken":21.0},{"damage_healed":13.0,"max_hp_gain":0.0,"max_hp_loss":0.0,"gold_gain":0.0,"event_name":"The Library","player_choice":"Heal","floor":21.0,"gold_loss":0.0,"damage_taken":0.0},{"cards_removed":["Outmaneuver"],"damage_healed":0.0,"max_hp_gain":0.0,"max_hp_loss":0.0,"gold_gain":0.0,"event_name":"Beggar","player_choice":"Gave Gold","floor":22.0,"gold_loss":75.0,"damage_taken":0.0},{"cards_removed":["Bullet Time"],"damage_healed":29.0,"max_hp_gain":10.0,"max_hp_loss":0.0,"gold_gain":0.0,"event_name":"Bonfire Elementals","player_choice":"Offered Rare","floor":30.0,"gold_loss":0.0,"damage_taken":0.0},{"damage_healed":0.0,"max_hp_gain":0.0,"max_hp_loss":0.0,"gold_gain":0.0,"event_name":"SensoryStone","player_choice":"Memory 3","floor":45.0,"gold_loss":0.0,"damage_taken":10.0},{"damage_healed":0.0,"max_hp_gain":0.0,"max_hp_loss":0.0,"gold_gain":0.0,"event_name":"Tomb of Lord Red Mask","player_choice":"Paid","floor":46.0,"gold_loss":303.0,"damage_taken":0.0,"relics_obtained":["Red Mask"]},{"cards_removed":["Swift Strike"],"damage_healed":0,"gold_gain":0,"player_choice":"Removed Attack","damage_taken":0,"max_hp_gain":0,"max_hp_loss":0,"event_name":"Falling","floor":48,"gold_loss":0}],"is_beta":false,"boss_relics":[{"not_picked":["Calling Bell","Runic Dome"],"picked":"Pandora\u0027s Box"},{"not_picked":["Philosopher\u0027s Stone","HoveringKite"],"picked":"SacredBark"}],"items_purged_floors":[25,37],"is_endless":false,"potions_floor_spawned":[3,8,14,20,24,28,31,35,39,44,47],"ascension_level":19}